@inproceedings{
jin2020towards,
title={Towards Hierarchical Importance Attribution: Explaining Compositional Semantics for Neural Sequence Models},
author={Xisen Jin and Junyi Du and Zhongyu Wei and Xiangyang Xue and Xiang Ren},
booktitle={International Conference on Learning Representations},
year={2020},
url={https://openreview.net/forum?id=BkxRRkSKwr}
}

@article{
  wang2019bert,
  title={BERT has a Mouth, and It Must Speak: BERT as a Markov Random Field Language Model},
  author={Wang, Alex and Cho, Kyunghyun},
  journal={arXiv preprint arXiv:1902.04094},
  year={2019}
}

@misc{
  clairett2018,
  author = {Claire Tian Tian},
  title = {Pytorch Sentiment Classification},
  year = {2018},
  publisher = {GitHub},
  journal = {GitHub repository},
  howpublished = {\url{https://github.com/clairett/pytorch-sentiment-classification}}
}

